@book{levkin,
	author = {},
	title = {Левкин, Г. Г. Коммерческая логистика : учебное пособие для вузов / Г. Г. Левкин. — 2-е изд., испр. и доп.},
	date = {2018},
	publisher = {Издательство Юрайт},
	location = {М.},
	pagetotal = {375},
	note = {Серия : Университеты России},
	}
@book{grigoryev,
	author = {},
	title = {Григорьев, М. Н. Коммерческая логистика: теория и практика : учебник для академического бакалавриата / М. Н. Григорьев, В. В. Ткач, С. А. Уваров. — 3-е изд., испр. и доп.},
	date = {2018},
	publisher = {Издательство Юрайт},
	location = {М.},
	pagetotal = {507},
	note = {(Серия : Бакалавр. Академический курс)},
}
%@book{,
	author = {},
	title = {},
	date = {2018},
	publisher = {Издательство Юрайт},
	location = {М.},
	pagetotal = {},
	note = {},
}
